@book{
  Date2006,
  author = "Дейт, Крис Дж.",
  title = "Введение в системы баз данных",
  edition = 8,
  address = {М.},
  publisher = {Вильямс},
  year = 2008,
  pagetotal = "1328 с. : ил.",
  language = {russian},
  keywords = {basic}
}

@book{
  Firebird,
  author = "Борри, Хелен",
  title = "Firebird: руководство разработчика баз данных",
  translator = "А. Бондаря",
  origlanguage = {english},
  address = {Санкт-Петербург},
  publisher = {БХВ-Петербург},
  year = 2007,
  pagetotal = "1104 c. : ил., табл.",
  language = {russian},
  keywords = {basic}
}

@book{
  SQL99Complete,
  author = "Gulutzan, Peter and Pelz, Trudy",
  title = "SQL-99 Complete, Really",
  year = 2011,
  language = {english},
  url = {https://mariadb.com/kb/v/sql-99-complete-really/},
  keywords = {additional}
}

@manual{
  PostgreSQLManuals,
  title = "PostgreSQL Manuals, version 9.3",
  organization = "The PostgreSQL Global Development Group",
  year = 2013,
  language = {english},
  url = {https://www.postgresql.org/docs/manuals/},
  keywords = {additional}
}

@manual{
  FirebirdSQLManuals,
  title = "FirebirdSQL Manuals",
  organization = "Firebird Foundation Inc.",
  year = 2013,
  language = {english},
  url = {http://www.firebirdsql.org/en/documentation/},
  keywords = {basic}
}

@manual{
  MariaDBDocs,
  title = "MariaDB Documentation",
  organization = "SkySQL Corporation Ab.",
  year = 2013,
  language = {english},
  url = {https://mariadb.com/kb/en/mariadb-documentation/},
  keywords = {additional}
}

@reference{
  SQL20nn1,
  title = "Information technology — Database languages — SQL — Part 1: Framework (SQL/Framework)",
  year = 2011,
  heading = {ISO/IEC 9075-2:2011},
  language = {english},
  hyphenation = {english},
  pagetotal = 90,
  keywords = {basic},
  url = {http://www.wiscorp.com/sql20nn.zip},
}

@reference{
  SQL20nn2,
  title = "Information technology — Database languages — SQL — Part 2: Foundation (SQL/Foundation)",
  year = 2011,
  heading = {ISO/IEC 9075-2:2011},
  language = {english},
  hyphenation = {english},
  pagetotal = 1483,
  keywords = {basic},
  url = {http://www.wiscorp.com/sql20nn.zip},
}

@reference{
  SQL20nn11,
  title = "Information technology — Database languages — SQL — Part 11: Information and Definition Schemas (SQL/Schemata)",
  year = 2011,
  heading = {ISO/IEC 9075-11:2011},
  language = {english},
  hyphenation = {english},
  pagetotal = 316,
  keywords = {basic},
  url = {http://www.wiscorp.com/sql20nn.zip},
}

@online{
  sqlru,
  title = "Сообщество пользователей SQL",
  media = {text},
  url = {http://sql.ru},
  urldate = {2014-04-27},
  keywords = {additional}
}

@online{
  flamerobin,
  title = "Сайт проекта FlameRobin",
  media = {eresource},
  url = {http://flamerobin.org},
  urldate = {2014-04-27},
  keywords = {additional}
}
